%YAML 1.1
%TAG !u! tag:unity3d.com,2011:
--- !u!1001 &100100000
Prefab:
  m_ObjectHideFlags: 1
  serializedVersion: 2
  m_Modification:
    m_TransformParent: {fileID: 0}
    m_Modifications: []
    m_RemovedComponents: []
  m_SourcePrefab: {fileID: 0}
  m_RootGameObject: {fileID: 1812431877654314}
  m_IsPrefabAsset: 1
--- !u!1 &1150565070964536
GameObject:
  m_ObjectHideFlags: 0
  m_CorrespondingSourceObject: {fileID: 0}
  m_PrefabInternal: {fileID: 100100000}
  serializedVersion: 6
  m_Component:
  - component: {fileID: 4584624841272178}
  - component: {fileID: 33583411840913538}
  - component: {fileID: 23492905956117010}
  m_Layer: 0
  m_Name: Red
  m_TagString: Untagged
  m_Icon: {fileID: 0}
  m_NavMeshLayer: 0
  m_StaticEditorFlags: 125
  m_IsActive: 0
--- !u!1 &1812431877654314
GameObject:
  m_ObjectHideFlags: 0
  m_CorrespondingSourceObject: {fileID: 0}
  m_PrefabInternal: {fileID: 100100000}
  serializedVersion: 6
  m_Component:
  - component: {fileID: 4813607976997366}
  - component: {fileID: 65389390616709078}
  - component: {fileID: 114028032575975694}
  - component: {fileID: 114169748298548520}
  m_Layer: 9
  m_Name: Green_Cube
  m_TagString: Green
  m_Icon: {fileID: 0}
  m_NavMeshLayer: 0
  m_StaticEditorFlags: 0
  m_IsActive: 1
--- !u!1 &1823170834034286
GameObject:
  m_ObjectHideFlags: 0
  m_CorrespondingSourceObject: {fileID: 0}
  m_PrefabInternal: {fileID: 100100000}
  serializedVersion: 6
  m_Component:
  - component: {fileID: 4160623128368590}
  - component: {fileID: 33449700304882962}
  - component: {fileID: 23228313165203024}
  m_Layer: 0
  m_Name: Green
  m_TagString: Untagged
  m_Icon: {fileID: 0}
  m_NavMeshLayer: 0
  m_StaticEditorFlags: 125
  m_IsActive: 1
--- !u!1 &1860492814856382
GameObject:
  m_ObjectHideFlags: 0
  m_CorrespondingSourceObject: {fileID: 0}
  m_PrefabInternal: {fileID: 100100000}
  serializedVersion: 6
  m_Component:
  - component: {fileID: 4964063342516510}
  - component: {fileID: 33925180521045288}
  - component: {fileID: 23573148244044704}
  m_Layer: 0
  m_Name: NoColor
  m_TagString: Untagged
  m_Icon: {fileID: 0}
  m_NavMeshLayer: 0
  m_StaticEditorFlags: 125
  m_IsActive: 0
--- !u!1 &1957940811746456
GameObject:
  m_ObjectHideFlags: 0
  m_CorrespondingSourceObject: {fileID: 0}
  m_PrefabInternal: {fileID: 100100000}
  serializedVersion: 6
  m_Component:
  - component: {fileID: 4618093375493866}
  - component: {fileID: 33144924092207758}
  - component: {fileID: 23940027802778406}
  m_Layer: 0
  m_Name: Blue
  m_TagString: Untagged
  m_Icon: {fileID: 0}
  m_NavMeshLayer: 0
  m_StaticEditorFlags: 0
  m_IsActive: 0
--- !u!4 &4160623128368590
Transform:
  m_ObjectHideFlags: 1
  m_CorrespondingSourceObject: {fileID: 0}
  m_PrefabInternal: {fileID: 100100000}
  m_GameObject: {fileID: 1823170834034286}
  m_LocalRotation: {x: -0.7071068, y: -0, z: -0, w: 0.7071068}
  m_LocalPosition: {x: 0, y: -0.5, z: 0}
  m_LocalScale: {x: 0.25, y: 0.25000012, z: 0.25000012}
  m_Children: []
  m_Father: {fileID: 4813607976997366}
  m_RootOrder: 2
  m_LocalEulerAnglesHint: {x: -90, y: 0, z: 0}
--- !u!4 &4584624841272178
Transform:
  m_ObjectHideFlags: 1
  m_CorrespondingSourceObject: {fileID: 0}
  m_PrefabInternal: {fileID: 100100000}
  m_GameObject: {fileID: 1150565070964536}
  m_LocalRotation: {x: -0.7071068, y: -0, z: -0, w: 0.7071068}
  m_LocalPosition: {x: 0, y: -0.5, z: 0}
  m_LocalScale: {x: 0.25, y: 0.25000012, z: 0.25000012}
  m_Children: []
  m_Father: {fileID: 4813607976997366}
  m_RootOrder: 1
  m_LocalEulerAnglesHint: {x: -90, y: 0, z: 0}
--- !u!4 &4618093375493866
Transform:
  m_ObjectHideFlags: 1
  m_CorrespondingSourceObject: {fileID: 0}
  m_PrefabInternal: {fileID: 100100000}
  m_GameObject: {fileID: 1957940811746456}
  m_LocalRotation: {x: -0.7071068, y: -0, z: -0, w: 0.7071068}
  m_LocalPosition: {x: 0, y: -0.5, z: 0}
  m_LocalScale: {x: 0.25, y: 0.25000012, z: 0.25000012}
  m_Children: []
  m_Father: {fileID: 4813607976997366}
  m_RootOrder: 3
  m_LocalEulerAnglesHint: {x: -90, y: 0, z: 0}
--- !u!4 &4813607976997366
Transform:
  m_ObjectHideFlags: 1
  m_CorrespondingSourceObject: {fileID: 0}
  m_PrefabInternal: {fileID: 100100000}
  m_GameObject: {fileID: 1812431877654314}
  m_LocalRotation: {x: -0, y: -0, z: -0, w: 1}
  m_LocalPosition: {x: 24, y: 0, z: 0}
  m_LocalScale: {x: 4, y: 4, z: 4}
  m_Children:
  - {fileID: 4964063342516510}
  - {fileID: 4584624841272178}
  - {fileID: 4160623128368590}
  - {fileID: 4618093375493866}
  m_Father: {fileID: 0}
  m_RootOrder: 0
  m_LocalEulerAnglesHint: {x: 0, y: 0, z: 0}
--- !u!4 &4964063342516510
Transform:
  m_ObjectHideFlags: 1
  m_CorrespondingSourceObject: {fileID: 0}
  m_PrefabInternal: {fileID: 100100000}
  m_GameObject: {fileID: 1860492814856382}
  m_LocalRotation: {x: -0.7071068, y: -0, z: -0, w: 0.7071068}
  m_LocalPosition: {x: 0, y: -0.5, z: 0}
  m_LocalScale: {x: 0.25, y: 0.25000012, z: 0.25000012}
  m_Children: []
  m_Father: {fileID: 4813607976997366}
  m_RootOrder: 0
  m_LocalEulerAnglesHint: {x: -90, y: 0, z: 0}
--- !u!23 &23228313165203024
MeshRenderer:
  m_ObjectHideFlags: 1
  m_CorrespondingSourceObject: {fileID: 0}
  m_PrefabInternal: {fileID: 100100000}
  m_GameObject: {fileID: 1823170834034286}
  m_Enabled: 1
  m_CastShadows: 1
  m_ReceiveShadows: 1
  m_DynamicOccludee: 1
  m_MotionVectors: 1
  m_LightProbeUsage: 0
  m_ReflectionProbeUsage: 1
  m_RenderingLayerMask: 4294967295
  m_Materials:
  - {fileID: 2100000, guid: c4c73e3af5e12a44d90fb4effc97b5a7, type: 2}
  m_StaticBatchInfo:
    firstSubMesh: 0
    subMeshCount: 0
  m_StaticBatchRoot: {fileID: 0}
  m_ProbeAnchor: {fileID: 0}
  m_LightProbeVolumeOverride: {fileID: 0}
  m_ScaleInLightmap: 1
  m_PreserveUVs: 0
  m_IgnoreNormalsForChartDetection: 0
  m_ImportantGI: 0
  m_StitchLightmapSeams: 0
  m_SelectedEditorRenderState: 3
  m_MinimumChartSize: 4
  m_AutoUVMaxDistance: 0.5
  m_AutoUVMaxAngle: 89
  m_LightmapParameters: {fileID: 0}
  m_SortingLayerID: 0
  m_SortingLayer: 0
  m_SortingOrder: 0
--- !u!23 &23492905956117010
MeshRenderer:
  m_ObjectHideFlags: 1
  m_CorrespondingSourceObject: {fileID: 0}
  m_PrefabInternal: {fileID: 100100000}
  m_GameObject: {fileID: 1150565070964536}
  m_Enabled: 1
  m_CastShadows: 0
  m_ReceiveShadows: 1
  m_DynamicOccludee: 1
  m_MotionVectors: 1
  m_LightProbeUsage: 0
  m_ReflectionProbeUsage: 1
  m_RenderingLayerMask: 4294967295
  m_Materials:
  - {fileID: 2100000, guid: ab815d28984751a46a2c087f901e71db, type: 2}
  m_StaticBatchInfo:
    firstSubMesh: 0
    subMeshCount: 0
  m_StaticBatchRoot: {fileID: 0}
  m_ProbeAnchor: {fileID: 0}
  m_LightProbeVolumeOverride: {fileID: 0}
  m_ScaleInLightmap: 1
  m_PreserveUVs: 0
  m_IgnoreNormalsForChartDetection: 0
  m_ImportantGI: 0
  m_StitchLightmapSeams: 0
  m_SelectedEditorRenderState: 3
  m_MinimumChartSize: 4
  m_AutoUVMaxDistance: 0.5
  m_AutoUVMaxAngle: 89
  m_LightmapParameters: {fileID: 0}
  m_SortingLayerID: 0
  m_SortingLayer: 0
  m_SortingOrder: 0
--- !u!23 &23573148244044704
MeshRenderer:
  m_ObjectHideFlags: 1
  m_CorrespondingSourceObject: {fileID: 0}
  m_PrefabInternal: {fileID: 100100000}
  m_GameObject: {fileID: 1860492814856382}
  m_Enabled: 1
  m_CastShadows: 1
  m_ReceiveShadows: 1
  m_DynamicOccludee: 1
  m_MotionVectors: 1
  m_LightProbeUsage: 0
  m_ReflectionProbeUsage: 1
  m_RenderingLayerMask: 4294967295
  m_Materials:
  - {fileID: 2100000, guid: 41cd5f186b4eea94a9899edf9d9a566d, type: 2}
  m_StaticBatchInfo:
    firstSubMesh: 0
    subMeshCount: 0
  m_StaticBatchRoot: {fileID: 0}
  m_ProbeAnchor: {fileID: 0}
  m_LightProbeVolumeOverride: {fileID: 0}
  m_ScaleInLightmap: 1
  m_PreserveUVs: 0
  m_IgnoreNormalsForChartDetection: 0
  m_ImportantGI: 0
  m_StitchLightmapSeams: 0
  m_SelectedEditorRenderState: 3
  m_MinimumChartSize: 4
  m_AutoUVMaxDistance: 0.5
  m_AutoUVMaxAngle: 89
  m_LightmapParameters: {fileID: 0}
  m_SortingLayerID: 0
  m_SortingLayer: 0
  m_SortingOrder: 0
--- !u!23 &23940027802778406
MeshRenderer:
  m_ObjectHideFlags: 1
  m_CorrespondingSourceObject: {fileID: 0}
  m_PrefabInternal: {fileID: 100100000}
  m_GameObject: {fileID: 1957940811746456}
  m_Enabled: 1
  m_CastShadows: 1
  m_ReceiveShadows: 1
  m_DynamicOccludee: 1
  m_MotionVectors: 1
  m_LightProbeUsage: 0
  m_ReflectionProbeUsage: 1
  m_RenderingLayerMask: 4294967295
  m_Materials:
  - {fileID: 2100000, guid: a4c37a3446d78464080ed259ad89cf8b, type: 2}
  m_StaticBatchInfo:
    firstSubMesh: 0
    subMeshCount: 0
  m_StaticBatchRoot: {fileID: 0}
  m_ProbeAnchor: {fileID: 0}
  m_LightProbeVolumeOverride: {fileID: 0}
  m_ScaleInLightmap: 1
  m_PreserveUVs: 0
  m_IgnoreNormalsForChartDetection: 0
  m_ImportantGI: 0
  m_StitchLightmapSeams: 0
  m_SelectedEditorRenderState: 3
  m_MinimumChartSize: 4
  m_AutoUVMaxDistance: 0.5
  m_AutoUVMaxAngle: 89
  m_LightmapParameters: {fileID: 0}
  m_SortingLayerID: 0
  m_SortingLayer: 0
  m_SortingOrder: 0
--- !u!33 &33144924092207758
MeshFilter:
  m_ObjectHideFlags: 1
  m_CorrespondingSourceObject: {fileID: 0}
  m_PrefabInternal: {fileID: 100100000}
  m_GameObject: {fileID: 1957940811746456}
  m_Mesh: {fileID: 4300000, guid: 9e97d42c5b7f3b843bbe470ca39ab2f0, type: 3}
--- !u!33 &33449700304882962
MeshFilter:
  m_ObjectHideFlags: 1
  m_CorrespondingSourceObject: {fileID: 0}
  m_PrefabInternal: {fileID: 100100000}
  m_GameObject: {fileID: 1823170834034286}
  m_Mesh: {fileID: 4300000, guid: 9e97d42c5b7f3b843bbe470ca39ab2f0, type: 3}
--- !u!33 &33583411840913538
MeshFilter:
  m_ObjectHideFlags: 1
  m_CorrespondingSourceObject: {fileID: 0}
  m_PrefabInternal: {fileID: 100100000}
  m_GameObject: {fileID: 1150565070964536}
  m_Mesh: {fileID: 4300000, guid: 9e97d42c5b7f3b843bbe470ca39ab2f0, type: 3}
--- !u!33 &33925180521045288
MeshFilter:
  m_ObjectHideFlags: 1
  m_CorrespondingSourceObject: {fileID: 0}
  m_PrefabInternal: {fileID: 100100000}
  m_GameObject: {fileID: 1860492814856382}
  m_Mesh: {fileID: 4300000, guid: 9e97d42c5b7f3b843bbe470ca39ab2f0, type: 3}
--- !u!65 &65389390616709078
BoxCollider:
  m_ObjectHideFlags: 1
  m_CorrespondingSourceObject: {fileID: 0}
  m_PrefabInternal: {fileID: 100100000}
  m_GameObject: {fileID: 1812431877654314}
  m_Material: {fileID: 0}
  m_IsTrigger: 0
  m_Enabled: 1
  serializedVersion: 2
  m_Size: {x: 1, y: 1, z: 1}
  m_Center: {x: 0, y: 0, z: 0}
--- !u!114 &114028032575975694
MonoBehaviour:
  m_ObjectHideFlags: 1
  m_CorrespondingSourceObject: {fileID: 0}
  m_PrefabInternal: {fileID: 100100000}
  m_GameObject: {fileID: 1812431877654314}
  m_Enabled: 1
  m_EditorHideFlags: 0
  m_Script: {fileID: 11500000, guid: 4b7422b72e0c0934da0d7b42d0020630, type: 3}
  m_Name: 
  m_EditorClassIdentifier: 
  snapToGrid: 1
  snapValue: 4
  sizeToGrid: 0
  sizeValue: 0.25
--- !u!114 &114169748298548520
MonoBehaviour:
  m_ObjectHideFlags: 1
  m_CorrespondingSourceObject: {fileID: 0}
  m_PrefabInternal: {fileID: 100100000}
  m_GameObject: {fileID: 1812431877654314}
  m_Enabled: 1
  m_EditorHideFlags: 0
  m_Script: {fileID: 11500000, guid: 16908e93ecf3ac942a9a58f43e446352, type: 3}
  m_Name: 
  m_EditorClassIdentifier: 
  type: 0
  cubeType: Cube
  noColor: {fileID: 1860492814856382}
  red: {fileID: 1150565070964536}
  green: {fileID: 1823170834034286}
  blue: {fileID: 1957940811746456}
